@BOOK{AdaGrad,
AUTHOR="John Duchi, Elad Hazan and Yoram Singer",
TITLE="Adaptive Subgradient Methods for Online Learning and Stochastic Optimization",
YEAR="2011",
}
@BOOK{Ruder,
AUTHOR="Sebastian Ruder",
TITLE="An overview of gradient descent optimization algorithms",
YEAR="2017",
}